; $Id: backhoe.bib 7 2006-02-07 04:19:50Z tbourke $

@misc{BrainHar:BackhoeLoaders,
  author =	{Marshall Brain and Tom Harris},
  title =	{How {Caterpillar} Backhoe Loaders Work},
  howpublished ={http://www.howstuffworks.com/backhoe-loader.html},
  month =	{accessed: } # oct,
  year =	2005,
  url =		{http://www.howstuffworks.com/backhoe-loader.html},
}

