

@book{Adams:HG2G:1979,
  author =        {Douglas Adams},
  publisher =     {Pan Books},
  title =         {The Hitchhiker's Guide to the Galaxy},
  year =          {1979},
}

