
@article{TomlinPapSas:AirTraffic:1998,
  author =	{Claire Tomlin and George J. Pappas and Shankar Sastry},
  title =	{Conflict Resolution for Air Traffic Management: A Study in
		 Multiagent Hybrid Systems},
  journal =	{IEEE Trans. Automatic Control},
  year =	1998,
  volume =	43,
  number =	4,
  pages =	{509--521},
  month =	apr,
  review =	{20110828},
}

